<?xml version="1.0" encoding="UTF-8"?><collection xmlns="http://www.loc.gov/MARC21/slim"><record><leader>00454nam--2200181-i-4500</leader><controlfield tag="001">000003392</controlfield><controlfield tag="002">20161230</controlfield><controlfield tag="005">20161230201025</controlfield><controlfield tag="008">060222s1000------------r-----000-0-rus-d</controlfield><datafield ind1=" " ind2=" " tag="041"><subfield code="a">rus</subfield></datafield><datafield ind1=" " ind2=" " tag="080"><subfield code="a">534.321.9</subfield></datafield><datafield ind1="1" ind2=" " tag="100"><subfield code="a">Gersgal, A.D</subfield></datafield><datafield ind1="1" ind2="0" tag="245"><subfield code="a">Ultrazvukovaia apparatura</subfield><subfield code="c">A.D. Gersgal, V.M. Fridman</subfield></datafield><datafield ind1=" " ind2=" " tag="260"><subfield code="a">Moskva</subfield><subfield code="b">Gosenergoizdat</subfield><subfield code="c">1961</subfield></datafield><datafield ind1=" " ind2=" " tag="300"><subfield code="a">248 p</subfield></datafield><datafield ind1="1" ind2=" " tag="700"><subfield code="a">Fridman, V.M</subfield></datafield><datafield ind1=" " ind2=" " tag="852"><subfield code="a">1292</subfield><subfield code="c">534</subfield></datafield><datafield ind1=" " ind2=" " tag="CAT"><subfield code="a">Sys</subfield><subfield code="c">20101005</subfield><subfield code="h">124944</subfield></datafield></record></collection>